<record><leader>00000cas a22000007a 4500</leader><controlfield tag="001">13038979</controlfield><controlfield tag="008">860120d18761888iaudn ne      0    0eng d</controlfield><datafield ind1=" " ind2=" " tag="010"><subfield code="a">sn 86061013 </subfield></datafield><datafield ind1=" " ind2=" " tag="040"><subfield code="a">INP</subfield><subfield code="b">eng</subfield><subfield code="c">INP</subfield><subfield code="d">NVF</subfield><subfield code="d">OCLCQ</subfield></datafield><datafield ind1=" " ind2=" " tag="042"><subfield code="a">msc</subfield></datafield><datafield ind1="0" ind2="0" tag="245"><subfield code="a">Keokuk daily constitution.</subfield></datafield><datafield ind1=" " ind2=" " tag="260"><subfield code="a">Keokuk, Iowa :</subfield><subfield code="b">John Gibbons &amp; Co.,</subfield><subfield code="c">1876-</subfield></datafield><datafield ind1=" " ind2=" " tag="300"><subfield code="a">v. :</subfield><subfield code="b">ill. (chiefly advertisements) ;</subfield><subfield code="c">54-60 cm.</subfield></datafield><datafield ind1=" " ind2=" " tag="310"><subfield code="a">Daily (except Sunday)</subfield></datafield><datafield ind1="0" ind2=" " tag="362"><subfield code="a">Vol. 14, no. 193 (July 17, 1876)-</subfield></datafield><datafield ind1="1" ind2=" " tag="362"><subfield code="a">Ceased in Mar. 1888.</subfield><subfield code="z">Cf. Bibl. of Iowa newspapers.</subfield></datafield><datafield ind1=" " ind2=" " tag="500"><subfield code="a">Publisher varies.</subfield></datafield><datafield ind1=" " ind2=" " tag="752"><subfield code="a">United States</subfield><subfield code="b">Iowa</subfield><subfield code="c">Lee</subfield><subfield code="d">Keokuk.</subfield></datafield><datafield ind1="0" ind2=" " tag="775"><subfield code="t">Keokuk constitution</subfield><subfield code="w">(DLC)sn 86061016</subfield></datafield><datafield ind1="0" ind2="0" tag="780"><subfield code="t">Daily constitution (Keokuk, Iowa)</subfield><subfield code="w">(DLC)sn 84027180</subfield></datafield><datafield ind1="0" ind2="7" tag="785"><subfield code="t">Keokuk daily Democrat</subfield><subfield code="w">(DLC)sn 87057261</subfield></datafield><datafield ind1="0" ind2="7" tag="785"><subfield code="t">Daily constitution-Democrat</subfield><subfield code="w">(DLC)sn 87057235</subfield></datafield><datafield ind1="1" ind2=" " tag="029"><subfield code="a">AU@</subfield><subfield code="b">000040181029</subfield></datafield></record>